<record><leader>00000cas a2200000   4500</leader><controlfield tag="001">5729818</controlfield><controlfield tag="008">791126d19uu19uunmusr ne      0   a0eng d</controlfield><controlfield tag="009">467</controlfield><datafield ind1=" " ind2=" " tag="010"><subfield code="a">sn 79007696 </subfield></datafield><datafield ind1=" " ind2=" " tag="040"><subfield code="a">NSD</subfield><subfield code="b">eng</subfield><subfield code="c">NSD</subfield><subfield code="d">OCL</subfield><subfield code="d">OCLCQ</subfield></datafield><datafield ind1=" " ind2=" " tag="012"><subfield code="m">d</subfield></datafield><datafield ind1="1" ind2=" " tag="022"><subfield code="a">0199-2392</subfield><subfield code="l">0199-2392</subfield><subfield code="2">1</subfield></datafield><datafield ind1=" " ind2=" " tag="042"><subfield code="a">nsdp</subfield></datafield><datafield ind1=" " ind2="0" tag="222"><subfield code="a">Rio Rancho roadrunner</subfield></datafield><datafield ind1="0" ind2="0" tag="245"><subfield code="a">Rio Rancho roadrunner.</subfield></datafield><datafield ind1="1" ind2="0" tag="246"><subfield code="a">Roadrunner</subfield></datafield><datafield ind1=" " ind2=" " tag="260"><subfield code="a">Rio Rancho, N.M.</subfield><subfield code="b">[Rio Rancho, inc.]</subfield></datafield><datafield ind1=" " ind2=" " tag="500"><subfield code="a">"Serving Sandoval County."</subfield></datafield><datafield ind1="0" ind2="0" tag="785"><subfield code="t">Roadrunner</subfield><subfield code="x">0278-9914</subfield></datafield><datafield ind1=" " ind2=" " tag="936"><subfield code="a">Nov. 15, 1979</subfield></datafield></record>